@article{Povey2010,
  author = {Hilary Povey},
  title = {Teaching for equity, teaching for mathematical engagement},
  journal = {Philosophy of Mathematics Education Journal},
  number = {25},
  year = {2010},
  month = {10},
  ISSN = {1465-2978},
  URL = {http://people.exeter.ac.uk/PErnest/welcome.htm}
}
@book{Kline1990mtf1,
  author={Kline, Morris},
  title={Mathematical thought from ancient to modern times. Vol. 1},
  publisher={Oxford Univ. Press},
  address={New York},
  year={1990},
  ISBN={0-19-506135-7}
}
@book{Kline1990mtf2,
  author={Kline, Morris},
  title={Mathematical thought from ancient to modern times. Vol. 2},
  publisher={Oxford Univ. Press},
  address={New York},
  year={1990},
  ISBN={0-19-506136-5}
}
@book{Kline1990mtf3,
  author={Kline, Morris},
  title={Mathematical thought from ancient to modern times. Vol. 3},
  publisher={Oxford Univ. Press},
  address={New York},
  year={1990},
  ISBN={0-19-506137-3}
}
@book{Bartle2000itr,
  author={Bartle, Robert Gardner and Sherbert, Donald R.},
  title={Introduction to real analysis},
  publisher={Wiley},
  address={New York},
  year={2000},
  edition={3},
  ISBN={0-471-32148-6},
}
@unpublished{KTHCirkel2010p,
  author={Petersen, Dan and Vorwerk, Kathrin},
  title={Polynom},
  series={Matematisk cirkel},
  publisher={Kungliga Tekniska högskolan},
  address={Stockholm},
  year={2010},
  URL={http://www.kth.se/sci/institutioner/math/gymnasie/matcirkel/},
  note={Matematisk cirkel, Kungliga Tekniska högskolan},
}
@unpublished{KTHCirkel2005rt,
  author={Arnlind, Joakim and Ekholm, Tomas and Enblom, Andreas},
  title={Reella tal},
  series={Matematisk cirkel},
  publisher={Kungliga Tekniska högskolan},
  address={Stockholm},
  year={2005},
  URL={http://www.kth.se/sci/institutioner/math/gymnasie/matcirkel/},
  note={Matematisk cirkel, Kungliga Tekniska högskolan},
}
@book{Kinard2008rmt,
  author={Kinard, James T. and Kozulin, Alex.},
  title={Rigorous mathematical thinking: conceptual formation in the 
    mathematics classroom},
  publisher={Cambridge University Press},
  address={Cambridge},
  year={2008},
  ISBN={978-0-521-87685-8 (hardback)},
  keywords={Matematiskt tänkande Matematik -- psykologiska aspekter 
    Matematikundervisning},
}
@book{Whitehead1925pm,
  author={Whitehead, Alfred North and Russell, Bertrand},
  title={Principia mathematica},
  publisher={Cambridge University Press},
  address={Cambridge},
  year={1925},
  edition={2},
}
@book{Lindberg2010miy,
  author={Lindberg, Lisbeth},
  title={Matematiken i yrkesutbildningen: möjligheter och begränsningar},
  address={Luleå},
  year={2010},
  ISBN={978-91-7439-154-1},
  keywords={Matematikundervisning Yrkesutbildning},
  note={Lic.-avh. Luleå: Luleå tekniska univ., 2010},
}
@book{madid2007mtb,
  editor={Engström, Lil and Englund, Tor and Pettersson, Astrid and Tambour, 
    Torbjörn},
  title={Matematikdidaktiska texter: beprövad erfarenhet och vetenskaplig 
    grund},
  publisher={PRIM-gruppen, Institutionen för undervisningsprocesser, 
    kommunikation och lärande, Lärarhögskolan i Stockholm},
  address={Stockholm},
  year={2007},
  ISBN={978-91-7656-655-8},
  keywords={Matematikundervisning},
}
@book{Ulin2010ma,
  author={Ulin, Bengt},
  title={Matematiska äventyr},
  publisher={Nationellt centrum för matematikutbildning, Göteborgs 
    universitet},
  address={Göteborg},
  year={2010},
  edition={1},
  ISBN={978-91-85143-17-7},
  keywords={Matematik -- problemsamlingar},
}
@book{Klein1945emf1,
  author={Klein, Felix},
  title={Elementary mathematics from an advanced standpoint. [1], Arithmetic, 
    algebra, analysis},
  publisher={Dover},
  address={New York},
  year={1945},
}
@book{Klein1939emf2,
  author={Klein, Felix},
  title={Elementary mathematics from an advanced standpoint. [2], Geometry},
  publisher={Dover},
  address={New York},
  year={1939},
}
@booklet{nctm2000pas,
  title={Principles and standards for school mathematics},
  publisher={National Council of Teachers of Mathematics},
  address={Reston, VA},
  year={2000},
  ISBN={0-87353-480-8},
  keywords={Utbildningsmål Läroplaner Matematikundervisning},
}
@unpublished{Niss2002mca,
  author={Niss, Morgen},
  title={Mathematical Competences and The Learning of Mathematics: The Danish 
    Kom Project},
  URL={http://www7.nationalacademies.org/mseb/Mathematical_Competencies_and_the_Learning_of_Mathematics.pdf}
}
@book{Bjorklund2010adi,
  author={Björklund Boistrup, Lisa},
  title={Assessment discourses in mathematics classrooms: a multimodal social 
    semiotic study},
  publisher={Department of Mathematics and Science Education, Stockholm 
    University},
  address={Stockholm},
  year={2010},
  ISBN={978-91-7447-116-8},
  keywords={Matematikundervisning Lärare och elever Studieomdömen},
  note={Diss. Stockholm: Stockholms universitet, 2010},
}
@book{Ekstig2002ms,
  author={Ekstig, Kerstin and Hellström, Lennart and Sollervall, Håkan},
  title={Matematik startbok},
  publisher={KUB},
  address={Skebobruk},
  year={2002},
  ISBN={91-89104-05-6},
  keywords={Matematik},
}
@book{Tobin2005msl,
  author={Tobin, Patrick and Strid, Vicki},
  editor={Cirrito, Fabio},
  title={Mathematics Standard Level},
  publisher={IBID Press},
  year={2005},
  edition={3},
  ISBN={978-1876659233},
}
@phdthesis{Engstrom2006mtl,
  author = {Engström, Lil},
  institution = {Stockholm University, Department of Curriculum Studies and 
    Communication},
  pages = {238},
  publisher = {HLS förlag/Stockholms Universitets förlag},
  school = {Stockholm University, Department of Curriculum Studies and 
    Communication},
  title = {Möjligheter till lärande i matematik: Lärares problemformuleringar 
    och dynamisk programvara},
  series = {Studies in educational sciences},
  number = {81},
  year = {2006}
}
@booklet{Skolverket2010sek,
  author={Skolverket},
  title={Svenska elevers kunskaper i TIMSS Advanced 2008 och 1995: En 
    djupanalys av hur eleverna i gymnasieskolan förstår centrala begrepp inom 
        matematiken},
  publisher={Skolverket},
  year={2010},
  address={Stockholm},
  URL={http://www.skolverket.se/publikationer?id=2305},
}
@book{Greger1982kim,
  author={Greger, Karl and Ekenstam, Adolf af},
  title={Kommunikationsförmåga i matematik},
  address={Linköping},
  year={1982},
}
@book{Greger1971m,
  author={Greger, Karl},
  title={Matematik. 1, Mängder, funktioner och tal: Lågstadielärarlinjens 
    grundkurs: Mellanstadielärarnas grundkurs},
  publisher={Almqvist {\&} Wiksell},
  address={Stockholm},
  year={1971},
  keywords={Matematik -- läromedel},
}
@book{Bergsten1997afa,
  author={Bergsten, Christer and Häggström, Johan and Lindberg, Lisbeth},
  title={Algebra för alla},
  publisher={Institutionen för ämnesdidaktik, Göteborgs univ.},
  address={Mölndal},
  year={1997},
  edition={1},
  ISBN={91-88450-08-2},
  keywords={Matematikundervisning -- grundskolan Matematikundervisning --
    gymnasieskolan},
}
@book{Ahlstrom1996mek,
  author={Ahlström, Ronny},
  title={Matematik - ett kommunikationsämne},
  publisher={Institutionen för ämnesdidaktik, Göteborgs univ.},
  address={Mölndal},
  year={1996},
  edition={1},
  ISBN={91-88450-06-6 ;},
  keywords={Matematikundervisning -- grundskolan -- Sverige},
}
@book{Emanuelsson1995mek,
  author={Emanuelsson, Göran},
  title={Matematik - ett kärnämne},
  publisher={Institutionen för ämnesdidaktik, Göteborgs univ.},
  address={Mölndal},
  year={1995},
  edition={1},
  ISBN={91-88450-04-X ;},
  keywords={Matematikundervisning -- gymnasieskolan -- Sverige},
}
@book{Biggs2002dm,
  author={Biggs, Norman},
  title={Discrete mathematics},
  publisher={Oxford Univ.\ Press},
  address={Oxford},
  year={2002},
  edition={2},
  ISBN={0-19-850717-8 (hft.)},
  keywords={Diskret matematik Datavetenskap -- matematik},
}
@book{Holmstrom2000mfa,
  author={Holmström, Martin and Smedhamre, Eva},
  title={Matematik från A till E: för komvux och gymnasieskolan.  [Kurs] A},
  publisher={Liber utbildning},
  address={Stockholm},
  year={2000},
  edition={2},
  ISBN={91-47-01646-9},
}
@book{Kiselman2008mfs,
  author={Kiselman, Christer O. and Mouwitz, Lars},
  title={Matematiktermer för skolan},
  publisher={Nationellt centrum för matematikutbildning (NCM), Göteborgs 
    universitet},
  address={Göteborg},
  year={2008},
  edition={1},
  ISBN={978-91-85143-12-2 (inb.)},
  keywords={Matematik -- terminologi},
}

@book{Grillet2007aa,
  author={Grillet, Pierre A.},
  title={Abstract algebra},
  publisher={Springer},
  address={New York},
  year={2007},
  edition={2},
  ISBN={978-0-387-71567-4 (acid-free paper)},
  keywords={Algebra},
}
@unpublished{Laksov2005kou,
  author={Laksov, Dan},
  title={Kjent og ukjent i element{\ae}r tallteori},
  series={Matematisk cirkel},
  publisher={Kungliga Tekniska högskolan},
  address={Stockholm},
  year={2005},
  URL={http://www.math.kth.se/~laksov/gymnaset/forum/05/filer/kompendium.pdf},
  note={Matematiskt forum för lärare,
    Kungliga Tekniska högskolan},
}
@book{Gardenfors2010laf,
  author={Gärdenfors, Peter},
  title={Lusten att förstå: om lärande på människans villkor},
  publisher={Natur {\&} kultur},
  address={Stockholm},
  year={2010},
  edition={1},
  ISBN={978-91-27-12165-2 (inb.)},
  keywords={Inlärning},
}
@phdthesis{Osterholm2006kom,
  author={Österholm, Magnus},
  title={Kognitiva och metakognitiva perspektiv på läsförståelse inom 
    matematik},
  institution={Matematiska institutionen},
  school={Linköpings universitet},
  series={Linköping Studies in Science and Technology},
  number={1057},
  publisher={Matematiska institutionen, Linköpings universitet},
  address={Linköping},
  year={2006},
  ISBN={91-85643-45-9},
  keywords={Läsförståelse Matematikundervisning},
  note={Diss. Linköping: Linköpings universitet, 2006},
}
@phdthesis{Kilhamn2011mso,
  author={Kilhamn, Cecilia},
  title={Making Sense of Negative Numbers},
  institution={Department of Pedagogical, Curricular and Professional Studies},
  school={University of Gothenburg, Faculty of Education},
  publisher={Acta Universitatis Gothenburgensis},
  series = {Gothenburg studies in educational sciences},
  number = {304},
  year={2011},
  ISBN={978-91-7346-698-1},
  URL={http://hdl.handle.net/2077/24151},
}
@booklet{VR2002fpi,
  author={Vetenskapsrådet},
  title={Forskningsetiska principer inom humanistisk-samhällsvetenskaplig 
    forskning},
  publisher={Vetenskapsrådet},
  address={Stockholm},
  year={2002},
  ISBN={91-7307-008-4},
  keywords={Forskningsetik},
}
@booklet{Skolinspektionen2010uim,
  author={Skolinspektionen},
  title={Undervisningen i matematik i gymnasieskolan},
  note={Kvalitetsgranskning, rapport 2010:13},
  publisher={Skolinspektionen},
  address={Stockholm},
  year={2010},
  keywords={Matematikundervisning -- gymnasieskolan -- kvalitetskontroll
    -- Sverige},
}
@mastersthesis{Agahi2010mdi,
  author={Agahi, Hoda},
  title={Matematiska definitioner i gymnasie- och universitetsläromedel},
  school={Göteborgs universitet},
  year={2010},
  month={6},
  address={Göteborg},
}
@phdthesis{Johansson2006tmw,
  author={Johansson, Monica},
  title={Teaching mathematics with textbooks: a classroom and curricular 
    perspective},
  institution={Department of Mathematics},
  school={Luleå University of Technology},
  publisher={Luleå University of Technology},
  address={Luleå},
  year={2006},
  number={23},
  keywords={Matematikundervisning -- läromedel},
  ISSN={1402-1544},
}
@incollection{OED2013maths,
  title={mathematic, n. and adj.},
  booktitle={OED Online},
  publisher={{Oxford University Press}},
  year={2013},
  month={6},
  URL={http://www.oed.com/view/Entry/114965},
  note={Hämtad 12 juli 2013},
}
@incollection{OED2013arithmetic,
  title={arithmetic, n.1},
  booktitle={OED Online},
  publisher={{Oxford University Press}},
  year={2013},
  month={6},
  URL={http://www.oed.com/view/Entry/10774},
  note={Hämtad 12 juli 2013},
}
@article{Thunberg2006gmo,
  author={Thunberg, Hans and Filipsson, Lars and Cronhjort, Mikael},
  title={Gymnasiets mål och högskolans förväntningar},
  pages={10--15},
  journal={Nämnaren},
  publisher={Nationellt Centrum för Matematikutbildning (NCM)},
  address={Göteborg},
  number={2},
  year={2006},
}
@unpublished{Thunberg2005gmo,
  author={Thunberg, Hans and Filipsson, Lars},
  title={Gymnasieskolans mål och {H}ögskolans förväntningar: En jämförande 
    studie om matematikundervisningen},
  year={2005},
  publisher={Kungliga Tekniska högskolan},
  address={Stockholm},
  URL={http://www.math.kth.se/gmhf/},
}
@misc{Skolverket2011gy,
  author={Skolverket},
  title={{GY2011}},
  year={2011},
  note={Hämtad den 1 maj 2011},
  URL={http://www.skolverket.se/sb/d/2885},
}
@misc{SKOLFS2000-5,
  author={{SKOL\-FS}},
  title={Skolverkets föreskrifter om kursplaner och betygskriterier för kurser 
    i ämnet matematik i gymnasieskolan och inom gymnasial vuxenutbildning},
  year={2000:5},
  publisher={Skolverket},
  URL={http://www.skolverket.se/skolfs?id=637},
}
@misc{SKOLFS2010-261,
  author={{SKOL\-FS}},
  title={Förordning om ämnesplaner för de gymnasiegemensamma ämnena},
  year={2010:261},
  publisher={Skolverket},
  URL={http://www.skolverket.se/skolfs?id=2088},
}
@misc{SFS2010-800,
  author={{SFS}},
  title={Skollag},
  year={2010:800},
  publisher={Regeringskansliet},
  URL={http://www.riksdagen.se/webbnav/index.aspx?nid=3911&bet=2010:800},
}
@misc{SFS2010-2039,
  author={{SFS}},
  title={Gymnasieförordningen},
  year={2010:2039},
  publisher={Regeringskansliet},
  URL={http://www.riksdagen.se/webbnav/index.aspx?nid=3911&bet=2010:2039},
}
@misc{SOU2004-97,
  author={{SOU}},
  title={Att lyfta matematiken -- intresse, lärande, kompetens},
  year={2004:97},
  publisher={Regeringskansliet},
}
@mastersthesis{Lundman2010efs,
  author={Lundman, Anders},
  title={Ett första steg mot högre matematik -- om gymnasieelevers upplevelse 
    av en kurs i högskolematematik vid Kungliga Tekniska högskolan i 
        Stockholm},
  year={2010},
  school={Kungliga Tekniska högskolan},
  address={Stockholm},
}
@book{Marsland2009mla,
  author={Marsland, Stephen},
  title={Machine learning: an algorithmic perspective},
  publisher={Chapman {\&} Hall/CRC},
  address={Boca Raton, FL},
  year={2009},
  ISBN={978-1-4200-6718-7},
  keywords={Artificiell intelligens Datoralgoritmer},
}
@booklet{Skolverket2003lal,
  author={Skolverket},
  title={Lusten att lära: med fokus på matematik: nationella 
    kvalitetsgranskningar 2001-2002},
  publisher={Skolverket},
  address={Stockholm},
  year={2003},
  keywords={Matematikundervisning -- utvärdering},
}
@book{Selander2004ptf,
  author={Selander, Staffan and Skjelbred, Dagrun},
  title={Pedagogiske tekster for kommunikasjon og l{\ae}ring},
  publisher={Universitetsforlaget},
  address={Oslo},
  year={2004},
  ISBN={82-15-00411-3 :},
  keywords={Läromedel},
}
@article{Shield2004fdi,
  title={Formal Definitions in Mathematics},
  author={Shield, Mal},
  journal={Australian Mathematics Teacher},
  year={2004},
  pages={25--28},
  number={4},
  volume={60},
}
@article{Tall2008ttt,
  title={The Transition to Formal Thinking in Mathematics},
  author={Tall, David},
  journal={Mathematics Education Research Journal},
  volume={20},
  number={2},
  month={9},
  year={2008},
  pages={5--24},
}
@article{Brandell2008twg,
  author={Brandell, Gerd and Hemmi, Kirsti and Thunberg, Hans},
  title={The Widening Gap -- A Swedish Perspective},
  journal={Mathematics Education Research Journal},
  volume={20},
  number={2},
  pages={38--56},
  year={2008},
}
@phdthesis{Hemmi2006api,
  author={Hemmi, Kirsti},
  title={Approaching proof in a community of mathematical practice},
  school={Stockholm University},
  institution={Department of Mathematics},
  publisher={Stockholm University},
  address={Stockholm},
  year={2006},
  ISBN={91-7155-307-X},
  keywords={Matematikundervisning -- högskolan Matematik -- studier och 
    undervisning -- högskolan},
}
@article{Morgan2005wda,
  author={Morgan, Candia},
  title={Words, Definitions and Concepts in Discourses of Mathematics, Teaching 
    and Learning},
  journal={Language and Education},
  volume={19},
  number={2},
  pages={103--117},
  year={2005},
}
@article{Moore1994mtt,
  author={Moore, Robert C.},
  title={Making the Transition to Formal Proof},
  journal={Educational Studies in Mathematics},
  volume={27},
  number={3},
  pages={249--266},
  year={1994},
}
@book{Vygotsky1978mis,
  author={Vygotsky, Lev S.},
  title={Mind in Society},
  year={1978},
  address={Cambridge, Massachusetts, London},
  publisher={Harvard University Press, England},
}
@book{Vygotsky1986tal,
  author={Vygotsky, Lev S.},
  title={Thought and language},
  year={1986},
  publisher={MIT Press},
  address={Cambridge, MA},
}
@booklet{Skolverket2009ta2,
  author={Skolverket},
  title={TIMSS Advanced 2008: svenska gymnasieelevers kunskaper i avancerad 
    matematik och fysik i ett internationellt perspektiv},
  publisher={Skolverket},
  address={Stockholm},
  year={2009},
  keywords={Fysikundervisning -- gymnasieskolan Matematikundervisning -- 
    gymnasieskolan Kunskapskontroll},
}
@misc{SAOL,
  shorthand={SAOL},
  author={{Svenska Akademien}},
  title={{SAOL} på nätet},
  note={Hämtad den 24 februari 2012},
  URL={http://www.svenskaakademien.se/svenska_spraket/svenska_akademiens_ordlista/saol_pa_natet},
}
@incollection{Wikipedia2013Integer,
  title={Integer},
  booktitle={Wikipedia},
  publisher={Wikimedia Foundation},
  year={2013},
  month={7},
  URL={https://en.wikipedia.org/wiki/Integer},
  note={Hämtad 14 juli 2013},
}
@incollection{Wikipedia2013Injection,
  title={Injective function},
  booktitle={Wikipedia},
  publisher={Wikimedia Foundation},
  year={2013},
  month={7},
  URL={https://en.wikipedia.org/wiki/Injective_function},
  note={Hämtad 14 juli 2013},
}
@incollection{Wikipedia2013Set,
  title={Set (mathematics)},
  booktitle={Wikipedia},
  publisher={Wikimedia Foundation},
  year={2013},
  month={7},
  URL={https://en.wikipedia.org/wiki/Set_(mathematics)},
  note={Hämtad 14 juli 2013},
}
@book{nievergelt2002foundations,
  author={Nievergelt, Yves},
  title={Foundations of logic and mathematics: applications to computer science 
    and cryptography},
  year={2002},
  publisher={Birkhäuser},
  address={Boston},
}
@incollection{goldbach,
  author={O'Connor, John J and Robertson, Edmund F},
  title={Christian Goldbach},
  booktitle={The MacTutor History of Mathematics archive},
  publisher={School of Mathematics and Statistics, University of St Andrews, 
    Scotland},
  year={2013},
  URL={http://www-history.mcs.st-and.ac.uk/},
}
@book{Kumanduri1998ntw,
  author={Kumanduri, Ramanujachary and Romero, Cristina},
  title={Number theory with Computer Applications},
  publisher={Prentice Hall},
  address={Upper Saddle River, N.J.},
  year={1998},
  ISBN={0-13-801812-X},
  keywords={Talteori},
}

@misc{aldersgranser,
  shorthand={SMR14},
  author={{Statens medieråd}},
  title={Åldersgränser för film},
  year={2014},
  note={Hämtad den 28 december 2014},
  URL={http://www.statensmedierad.se/Aldersgranser/Aldersgranser-for-film/},
}
@unpublished{smcrathjen,
  author={Michael Rathjen},
  title={Is Cantor's continuum problem still open?},
  address={Stockholm},
  year={2014},
  month={10},
  note={SMC kollokvium},
  URL={http://www.math-stockholm.se/kollokvium/2014/michael-rathjen-is-cantor-s-continuum-problem-still-open-1.511031},
}

@misc{1997sao,
  title={Svenska akademiens ordbok},
  publisher={OSA-projektet},
  address={Göteborg},
  year={1997},
  keywords={Svenska språket},
}
